@article{Faccioli:2022,
    author = "Faccioli, Pietro and Louren\c{c}o, Carlos",
    title = "{On the polarization of the non-prompt contribution to inclusive \jpsi production in pp collisions}",
    eprint = "2206.14686",
    archivePrefix = "arXiv",
    primaryClass = "hep-ph",
    doi = "10.1007/JHEP10(2022)010",
    journal = "JHEP",
    volume = "10",
    pages = "005",
    year = "2022"
}

@unpublished{bib:onia2mumu,
 author = "BPH\_PAG",
 title =  "{Onia2MuMu package for Run II}",
 note = "Available at \url{https://github.com/cms-sw/cmssw/tree/CMSSW_10_6_X/HeavyFlavorAnalysis/Onia2MuMu}",
 year = "2015"
}

@article{bib:FLM,
    author = "Faccioli, Pietro and Louren\c{c}o, Carlos and Madlener, Thomas",
    title = "{From prompt to direct J/$\psi$ production: new insights on the $\chi_{c1}$ and $\chi_{c2}$ polarizations and feed-down contributions from a global-fit analysis of mid-rapidity LHC data}",
    eprint = "2006.15446",
    archivePrefix = "arXiv",
    primaryClass = "hep-ph",
    doi = "10.1140/epjc/s10052-020-8201-6",
    journal = "Eur. Phys. J. C",
    volume = "80",
    pages = "623",
    year = "2020"
}

@article{bib:softmuon2,
      author         = "A. M. Sirunyan and others",
      title          = "{Performance of the CMS muon detector and muon reconstruction with proton-proton collisions at  $\sqrt{s}= 13$\TeV}",
      collaboration  = "CMS",
      journal           = "JINST",
      volume          = "13",
      pages           = "P06015",
      doi            = "10.1088/1748-0221/13/06/P06015",
      year           = "2018",
      eprint         = "1804.04528",
      archivePrefix  = "arXiv",
      primaryClass   = "physics.ins-det",
      reportNumber   = "CMS-MUO-16-001, CERN-EP-2018-058",
      SLACcitation   = "%%CITATION = ARXIV:1804.04528;%%",
}

@unpublished{bib:brilcalc,
  collaboration = "CMS",
  title =  "Brilcalc documentation",
  note = "CMS internal documentation available at
  \url{http://cms-service-lumi.web.cern.ch/cms-service-lumi/brilwsdoc.html}",
  year = 2015
}

@ARTICLE{bib:EvtGen,
     author    = "Lange, D.J.",
     title     = "The {EvtGen} particle decay simulation package",
     journal   = "Nucl. Instrum. Meth. A",
     volume    = "462",
     pages     = "152",
     year      = "2001"
}

@article{PHOTOS2,
    author = "Davidson, N. and Przedzinski, T. and W{\c{a}}s, Z.",
    title = "{PHOTOS interface in C++:} Technical and Physics Documentation",
    eprint = "1011.0937",
    archivePrefix = "arXiv",
    primaryClass = "hep-ph",
    reportNumber = "CERN-PH-TH-2010-261, IFJPAN-IV-2010-6",
    doi = "10.1016/j.cpc.2015.09.013",
    journal = "Comput. Phys. Commun.",
    volume = "199",
    pages = "86",
    year = "2016"
}


@Article{bib:geant4,
     author    = "Agostinelli, S. and others",
     collaboration = "GEANT4",
     title     = "{\GEANTfour}---a simulation toolkit",
     journal   = "Nucl. Instrum. Meth. A",
     volume    = "506",
     year      = "2003",
     pages     = "250",
     doi       = "10.1016/S0168-9002(03)01368-8",
     SLACcitation  = "%%CITATION = NUIMA,A506,250;%%"
}

@PHDTHESIS{bib:ThomasPhD,
      author        = "Madlener, Thomas",
      title         = "{Measurement of the prompt $\chi_{c1}$  and $\chi_{c2}$ polarizations at CMS}",
      reportNumber  = "CERN-THESIS-2019-296",
      url           = "https://cds.cern.ch/record/2710438",
      school       = "Technische Universit{\"a}t Wien",
      year          = "2020",
}

@phdthesis{bib:ChrisPhD,
      author        = "Ferraioli, Chris",
      title         = "A Probe of Colored Medium Effects on Quarkonia
                       Polarization in $\sqrt{s} = 7$~{TeV} pp collisions at {CMS}",
      reportNumber  = "CERN-THESIS-2017-123",
      url           = "https://cds.cern.ch/record/2281008",
      school = "University of Maryland",
      year          = "2017",
}

@phdthesis{bib:IlsePhD,
    author = "Kratschmer, Ilse",
    title = "{Measurements of prompt J/$\psi$ and $\psi$(2S) production and polarization at CMS}",
    reportNumber = "CMS-TS-2015-016, CERN-THESIS-2015-107",
    url           = "https://cds.cern.ch/record/2040539",
    school = "Vienna, Tech. U., Atominst.",
    year = "2015"
}

@phdthesis{bib:ValentinPhD,
    author = {Kn\"unz, Valentin},
    title = "{Measurement of Quarkonium Polarization to Probe QCD at the LHC}",
    reportNumber = "CERN-THESIS-2015-024, CMS-TS-2015-007",
    doi = "10.1007/978-3-319-49935-2",
    school = "Vienna, Tech. U., Atominst.",
    year = "2015"
}

@article{bib:BPH-14-001,
      author         = "Khachatryan, Vardan and others",
      title          = "{Measurement of \jpsi and $\psi^\prime$ prompt double-differential cross sections in $\Pp\Pp$ collisions at $\sqrt{s}=7$\TeV}",
      collaboration  = "CMS",
      journal        = "Phys. Rev. Lett.",
      volume         = "114",
      year           = "2015",
      pages          = "191802",
      doi            = "10.1103/PhysRevLett.114.191802",
      eprint         = "1502.04155",
      archivePrefix  = "arXiv",
      primaryClass   = "hep-ex",
      reportNumber   = "CMS-BPH-14-001, CERN-PH-EP-2015-022",
      SLACcitation   = "%%CITATION = ARXIV:1502.04155;%%"
}

@article{bib:BPH-15-005,
      author         = "Sirunyan, A. M. and others",
      title          = "{Measurement of quarkonium production cross sections in
                        $\Pp\Pp$ collisions at $\sqrt{s}=13$\TeV}",
      collaboration  = "CMS",
      journal        = "Phys. Lett. B",
      volume         = "780",
      year           = "2018",
      pages          = "251",
      doi            = "10.1016/j.physletb.2018.02.033",
      eprint         = "1710.11002",
      archivePrefix  = "arXiv",
      primaryClass   = "hep-ex",
      reportNumber   = "CMS-BPH-15-005, CERN-EP-2017-267",
      SLACcitation   = "%%CITATION = ARXIV:1710.11002;%%"
}

@article{bib:BPH-11-010,
     author         = "Chatrchyan, Serguei and others",
     title          = "{Measurement of the relative prompt production rate of
                       $\chi_{c2}$ and $\chi_{c1}$ in $\Pp\Pp$ collisions at $\sqrt{s} = 7$\,TeV}",
     collaboration  = "CMS",
     journal        = "Eur. Phys. J. C",
     volume         = "72",
     pages          = "2251",
     doi            = "10.1140/epjc/s10052-012-2251-3",
     year           = "2012",
     eprint         = "1210.0875",
     archivePrefix  = "arXiv",
     primaryClass   = "hep-ex",
     reportNumber   = "CMS-BPH-11-010, CERN-PH-EP-2012-271",
     SLACcitation   = "%%CITATION = ARXIV:1210.0875;%%",
}

@article{bib:BPH-13-005,
      author         = "Khachatryan, Vardan and others",
      title          = "{Measurement of the production cross section ratio
                        $\sigma(\chi_{b2}{\rm (1P)}) / \sigma(\chi_{b1}{\rm (1P)})$ in $\Pp\Pp$ collisions at
                        $\sqrt{s} = 8$\,TeV}",
      collaboration  = "CMS",
      journal        = "Phys. Lett. B",
      volume         = "743",
      year           = "2015",
      pages          = "383",
      doi            = "10.1016/j.physletb.2015.02.048",
      eprint         = "1409.5761",
      archivePrefix  = "arXiv",
      primaryClass   = "hep-ex",
      reportNumber   = "CMS-BPH-13-005, CERN-PH-EP-2014-217",
      SLACcitation   = "%%CITATION = ARXIV:1409.5761;%%"
}

@article{bib:BPH-13-003,
      author         = "Chatrchyan, Serguei and others",
      title          = "{Measurement of the prompt \jpsi and $\psi^\prime$
                        polarizations in $\Pp\Pp$ collisions at $\sqrt{s} = 7$\,TeV}",
      collaboration  = "CMS",
      journal        = "Phys. Lett. B",
      volume         = "727",
      year           = "2013",
      pages          = "381",
      doi            = "10.1016/j.physletb.2013.10.055",
      eprint         = "1307.6070",
      archivePrefix  = "arXiv",
      primaryClass   = "hep-ex",
      reportNumber   = "CMS-BPH-13-003, CERN-PH-EP-2013-140",
      SLACcitation   = "%%CITATION = ARXIV:1307.6070;%%"
}

@article{bib:BPH-11-023,
      author         = "Chatrchyan, Serguei and others",
      title          = "{Measurement of the $\Upsilon$(1S), $\Upsilon$(2S), and $\Upsilon$(3S)
                        polarizations in $\Pp\Pp$ collisions at $\sqrt{s}=7$\,TeV}",
      collaboration  = "CMS",
      journal        = "Phys. Rev. Lett.",
      volume         = "110",
      year           = "2013",
      pages          = "081802",
      doi            = "10.1103/PhysRevLett.110.081802",
      eprint         = "1209.2922",
      archivePrefix  = "arXiv",
      primaryClass   = "hep-ex",
      reportNumber   = "CMS-BPH-11-023, CERN-PH-EP-2012-205",
      SLACcitation   = "%%CITATION = ARXIV:1209.2922;%%"
}

@article{bib:BPH-13-001,
    author = "Sirunyan, Albert M and others",
    collaboration = "CMS",
    title = "{Constraints on the $\chi_\mathrm{c1}$ versus $\chi_\mathrm{c2}$ polarizations in proton-proton collisions at $\sqrt{s} = 8$\,TeV}",
    eprint = "1912.07706",
    archivePrefix = "arXiv",
    primaryClass = "hep-ex",
    reportNumber = "CMS-BPH-13-001, CERN-EP-2019-279",
    doi = "10.1103/PhysRevLett.124.162002",
    journal = "Phys. Rev. Lett.",
    volume = "124",
    pages = "162002",
    year = "2020"
}

@article{bib:HIN-15-003,
    author = "Khachatryan, Vardan and others",
    collaboration = "CMS",
    title = "{$\Upsilon(\mathrm{nS})$ polarizations versus particle multiplicity in pp collisions at $\sqrt{s} =$ 7 TeV}",
    eprint = "1603.02913",
    archivePrefix = "arXiv",
    primaryClass = "hep-ex",
    reportNumber = "CMS-HIN-15-003, CERN-PH-EP-2015-310",
    doi = "10.1016/j.physletb.2016.07.065",
    journal = "Phys. Lett. B",
    volume = "761",
    pages = "31",
    year = "2016"
}

@article{bib:BPH-10-014,
    author = "Chatrchyan, Serguei and others",
    collaboration = "CMS",
    title = "{$J/\psi$ and $\psi$(2S) production in pp collisions at $\sqrt{s}=7$\,TeV}",
    eprint = "1111.1557",
    archivePrefix = "arXiv",
    primaryClass = "hep-ex",
    reportNumber = "CMS-BPH-10-014, CERN-PH-EP-2011-177",
    doi = "10.1007/JHEP02(2012)011",
    journal = "JHEP",
    volume = "02",
    pages = "011",
    year = "2012"
}

@TECHREPORT{bib:AN-2011/535,
     AUTHOR       = "Faccioli, P. and Seixas, J. and Kn{\"u}nz, V.",
     TITLE        = "A new procedure for the determination of angular distribution parameters in dilepton vector meson decays",
     TYPE      = "CMS Note",
     NUMBER       = "AN-2011/535",
     URL          = "https://cms.cern.ch/iCMS/jsp/db_notes/noteInfo.jsp?cmsnoteid=CMS%20AN-2011/535",
     YEAR         = "2011",
}

@article{bib:Faccioli-EPJC,
author= "Faccioli, Pietro and Louren\c{c}o, Carlos and Seixas, Jo{\~a}o and W{\"o}hri, Hermine K.",
    title = "{Towards the experimental clarification of quarkonium polarization}",
    eprint = "1006.2738",
    archivePrefix = "arXiv",
    primaryClass = "hep-ph",
    doi = "10.1140/epjc/s10052-010-1420-5",
    journal = "Eur. Phys. J. C",
    volume = "69",
    pages = "657",
    year = "2010"
}

@article{bib:Faccioli-PRD-FrameInv,
author= "Faccioli, Pietro and Louren\c{c}o, Carlos and Seixas, Jo{\~a}o",
title = "New approach to quarkonium polarization studies",
journal = "Phys. Rev.",
volume = "D81",
pages = "111502(R)",
year = "2010",
}

@ARTICLE{bib:Faccioli-ParVio,
     author    = "Faccioli, Pietro and Louren\c{c}o, Carlos and Seixas, Jo{\~a}o and W{\"o}hri, Hermine K.",
      title    = "Rotation-invariant observables in parity-violating decays of vector particles to fermion pairs",
    journal    = "Phys. Rev.",
     volume    = "D82",
         pages = "096002",
          year = "2010"
}

@article{bib:Faccioli-PRL-FrameInv,
author= "Faccioli, Pietro and Louren\c{c}o, Carlos and Seixas, Jo{\~a}o",
    title = "{Rotation-invariant relations in vector meson decays into fermion pairs}",
    eprint = "1005.2601",
    archivePrefix = "arXiv",
    primaryClass = "hep-ph",
    doi = "10.1103/PhysRevLett.105.061601",
    journal = "Phys. Rev. Lett.",
    volume = "105",
    pages = "061601",
    year = "2010"
}

@article{bib:Faccioli-LTVio,
  title = {Model-independent constraints on the shape parameters of dilepton angular distributions},
  author= "Faccioli, Pietro and Louren\c{c}o, Carlos and Seixas, Jo{\~a}o and W{\"o}hri, Hermine K.",
  journal = {Phys. Rev.},
  volume = {D83},
  pages = {056008},
  year = {2011},
  doi = {10.1103/PhysRevD.83.056008},
}

@article{bib:Faccioli-feeddown,
author= "Faccioli, Pietro and Louren\c{c}o, Carlos and Seixas, Jo{\~a}o and W{\"o}hri, Hermine K.",
title = "Study of $\psi^\prime$ and $\chi_{\rm c}$ decays as feed-down sources of \jpsi\ hadro-production",
journal = "JHEP",
volume = "10",
pages = "004",
year = "2008",
}

@ARTICLE{bib:CMSexperiment,
 collaboration = "CMS",
     title     = "The CMS experiment at the CERN LHC",
     journal   = "JINST",
     pages     = "0803:S08004",
     year      = "2008"
}

@article{bib:Pythia,
      author         = "Sj{\"o}strand, Torbj{\"o}rn and Mrenna, Stephen and Skands, Peter",
      title          = "A brief introduction to {PYTHIA} 8.1",
      journal        = "Comp. Phys. Comm.",
      volume         = "178",
      pages          = "852",
      doi            = "10.1016/j.cpc.2008.01.036",
      year           = "2008",
      eprint         = "0710.3820",
      archivePrefix  = "arXiv",
      primaryClass   = "hep-ph",
      reportNumber   = "FERMILAB-PUB-07-512-CD-T, LU-TP-07-28",
      SLACcitation   = "%%CITATION = HEP-PH/0603175;%%",
}

@article{Abt:2008ya,
      author         = "Abt, I. and others",
      title          = "{Kinematic distributions and nuclear effects of J/psi
                        production in 920-GeV fixed-target proton-nucleus
                        collisions}",
      collaboration  = "HERA-B",
      journal        = "Eur. Phys. J. C",
      volume         = "60",
      pages          = "525",
      doi            = "10.1140/epjc/s10052-009-0965-7",
      year           = "2009",
      eprint         = "0812.0734",
      archivePrefix  = "arXiv",
      primaryClass   = "hep-ex",
      reportNumber   = "DESY-08-180",
      SLACcitation   = "%%CITATION = ARXIV:0812.0734;%%",
}

@Article{bib:CS, 
    author    = "Collins, John C. and Soper, Davison E.",
    title     = "{Angular Distribution of Dileptons in High-Energy Hadron
                 Collisions}",
    journal   = "Phys. Rev.",
    volume    = "D16",
    year      = "1977",
    pages     = "2219",
    doi       = "10.1103/PhysRevD.16.2219",
    SLACcitation  = "%%CITATION = PHRVA,D16,2219;%%"
}

@article{Braaten:2008xg,
     author         = "Braaten, Eric and Kang, Daekyoung and Lee, Jungil and Yu,
                       Chaehyun",
     title          = "{Optimal spin quantization axes for quarkonium with large
                       transverse momentum}",
     journal        = "Phys.Rev.",
     volume         = "D79",
     pages          = "054013",
     doi            = "10.1103/PhysRevD.79.054013",
     year           = "2009",
     eprint         = "0812.3727",
     archivePrefix  = "arXiv",
     primaryClass   = "hep-ph",
     SLACcitation   = "%%CITATION = ARXIV:0812.3727;%%",
}

@article{Braaten:2008mz,
     author         = "Braaten, Eric and Kang, Daekyoung and Lee, Jungil and Yu,
                       Chaehyun",
     title          = "{Optimal spin quantization axes for the polarization of
                       dileptons with large transverse momentum}",
     journal        = "Phys.Rev.",
     volume         = "D79",
     pages          = "014025",
     doi            = "10.1103/PhysRevD.79.014025",
     year           = "2009",
     eprint         = "0810.4506",
     archivePrefix  = "arXiv",
     primaryClass   = "hep-ph",
     SLACcitation   = "%%CITATION = ARXIV:0810.4506;%%",
}

